<record><leader>00000cas a22000007a 4500</leader><controlfield tag="001">9787034</controlfield><controlfield tag="008">830806d18821893ohuwr ne      0    0eng d</controlfield><datafield ind1=" " ind2=" " tag="010"><subfield code="a">sn 83035416 </subfield></datafield><datafield ind1=" " ind2=" " tag="040"><subfield code="a">NPY</subfield><subfield code="b">eng</subfield><subfield code="c">NPY</subfield><subfield code="d">OCLCQ</subfield></datafield><datafield ind1=" " ind2=" " tag="042"><subfield code="a">msc</subfield></datafield><datafield ind1="0" ind2="4" tag="245"><subfield code="a">The Catholic knight.</subfield></datafield><datafield ind1=" " ind2=" " tag="260"><subfield code="a">Cleveland, Ohio :</subfield><subfield code="b">[J.J. Greeves]</subfield></datafield><datafield ind1=" " ind2=" " tag="300"><subfield code="a">v. :</subfield><subfield code="b">ill. ;</subfield><subfield code="c">47-51 cm.</subfield></datafield><datafield ind1=" " ind2=" " tag="310"><subfield code="a">Weekly,</subfield><subfield code="b">Jan., 1887-&lt;1892&gt;</subfield></datafield><datafield ind1=" " ind2=" " tag="321"><subfield code="a">Monthly,</subfield><subfield code="b">&lt;1882&gt;</subfield></datafield><datafield ind1=" " ind2=" " tag="321"><subfield code="a">Semimonthly,</subfield><subfield code="b">&lt;1884&gt;-Dec., 1886</subfield></datafield><datafield ind1="1" ind2=" " tag="362"><subfield code="a">Began in June, 1882; ceased with July 29, 1893 issue.</subfield><subfield code="z">Cf. Willging, E.P. Cath. serials of the 19th cent. in the U.S., 2 ser., 1966.</subfield></datafield><datafield ind1=" " ind2=" " tag="500"><subfield code="a">"Devoted to the interests and advancement of Catholic Uniformed Knights", &lt;Sept., 1882&gt;.</subfield></datafield><datafield ind1=" " ind2=" " tag="520"><subfield code="a">"Organ of the state branch of the Knights of St. John ... advocated total abstinence. It took an active part in the labor discusssions ... after two years it became the channel of malcontents in the diocese, most un-Catholic in tone. In Oct., 1886, the paper was censured and its circulation curtailed." Cf. Cath. serials of the 19th cent. in the U.S., 2 series, 1966.</subfield></datafield><datafield ind1=" " ind2=" " tag="588"><subfield code="a">Description based on: Vol. 1, no. 4 (Sept., 1882).</subfield></datafield><datafield ind1="1" ind2=" " tag="700"><subfield code="a">Greeves, Joseph J.</subfield></datafield><datafield ind1=" " ind2=" " tag="752"><subfield code="a">United States</subfield><subfield code="b">Ohio</subfield><subfield code="c">Cuyahoga</subfield><subfield code="d">Cleveland.</subfield></datafield><datafield ind1="1" ind2=" " tag="029"><subfield code="a">AU@</subfield><subfield code="b">000025783803</subfield></datafield></record>